% This document should contain your references in a format compatible with the natbib package.

@BOOK{knuth:tb,
  author = "Donald K. Knuth",
  title = "The \TeX book",
  publisher = "Addison-Wesley",
  year = "1984",
}

@book{example,
  author = "Author A. Person",
  title = "Example Citation",
  publisher = "Self-Published",
  year = "2023",
}